@book{bishop2006,
author = {Christopher M. Bishop},
title = {Pattern Recognition and Machine Learning},
publisher = {Springer},
year = {2006},
edition={1}
},

@article{cortesVapnik1995,
author={Corinna Cortes and Vladimir Vapnik},
title={Support-Vector Networks},
journal={Machine Learning},
year={1995},
number={20},
pages={273-297}
},

@book{bingliu2012,
author = {Bing Liu},
title = {Sentiment Analysis and Opinion Mining},
publisher = {Morgan \& Claypool Publishers},
year = {2012},
edition = {1}
},

@article{petkovic2013,
author = {Martin Ringsquandl and Dušan Petković},
title = {Analyzing Political Sentiment on Twitter},
journal = {AAAI Spring Symposium},
year = {2013}
},

@article{medhat2014,
author = {Walaa Medhat, Ahmed Hassan, Hoda Korashy},
title = {Sentiment analysis algorithms and applications: A survey},
journal = {Ain Shams Engineering Journal},
year = {2014},
number = {5},
pages = {1093-1113}
},